@article{fama1992cross,
  title={The cross-section of expected stock returns},
  author={Fama, Eugene F and French, Kenneth R},
  journal={The Journal of Finance},
  volume={47},
  number={2},
  pages={427--465},
  year={1992},
  publisher={Wiley Online Library}
}

@article{bowles2024anomaly,
  title={Anomaly time},
  author={Bowles, Boone and Reed, Adam V and Ringgenberg, Matthew C and Thornock, Jacob R},
  journal={The Journal of Finance},
  volume={79},
  number={5},
  pages={3543--3579},
  year={2024},
  publisher={Wiley Online Library}
}

@misc{valentin_boulogne_david,
  author       = {Valentin de Boulogne},
  title        = {David with the Head of Goliath and Two Soldiers},
  year         = {17th century},
  howpublished = {\url{https://commons.wikimedia.org/wiki/File:Valentin_de_Boulogne_-_David_with_the_Head_of_Goliath_and_Two_Soldiers_-_WGA24236.jpg}},
  note         = {Accessed: [February 24, 2025]}
}